@INPROCEEDINGS{PSO, 
	author={J. Kennedy and R. Eberhart}, 
	booktitle={Proceedings of ICNN'95 - International Conference on Neural Networks}, 
	title={Particle swarm optimization}, 
	year={1995}, 
	volume={4}, 
	number={}, 
	pages={1942-1948 vol.4}, 
	keywords={artificial intelligence;genetic algorithms;simulation;neural nets;search problems;particle swarm;optimization;nonlinear functions;evolution;neural network;artificial life;genetic algorithms;social metaphor;simulation;multidimensional search;Particle swarm optimization;Birds;Educational institutions;Marine animals;Testing;Humans;Genetic algorithms;Optimization methods;Artificial neural networks;Performance evaluation}, 
	doi={10.1109/ICNN.1995.488968},
	url={https://doi.org/10.1109/ICNN.1995.488968},
	ISSN={}, 
	month={Nov},}

@inproceedings{Aguirre2009,
  title={Many-objective optimization by space partitioning and adaptive $\varepsilon$-ranking on MNK-Landscapes},
  author={Aguirre, Hern{\'a}n and Tanaka, Kiyoshi},
  booktitle={International Conference on Evolutionary Multi-Criterion Optimization},
  pages={407--422},
  year={2009},
  organization={Springer},
  doi={10.1007/978-3-642-01020-0_33},
  url={https://doi.org/10.1007/978-3-642-01020-0_33}
}

@inproceedings{Alaya2004,
  title={Ant algorithm for the multi-dimensional knapsack problem},
  author={Alaya, In{\`e}s and Solnon, Christine and GH{\'e}DIRA, Khaled},
  booktitle={International Conference on Bioinspired Optimization Methods and their Applications (BIOMA 2004},
  year={2004},
  url={http://citeseerx.ist.psu.edu/viewdoc/summary?doi=10.1.1.79.3439}
  organization={Citeseer}
}

@INPROCEEDINGS{Alaya2007, 
	author={I. Alaya and C. Solnon and K. Ghedira}, 
	booktitle={19th IEEE International Conference on Tools with Artificial Intelligence(ICTAI 2007)}, 
	title={Ant Colony Optimization for Multi-Objective Optimization Problems}, 
	year={2007}, 
	volume={1}, 
	number={}, 
	pages={450-457}, 
	keywords={optimisation;ant colony optimization;evolutionary algorithms;generic algorithm;multi-objective knapsack problem;multi-objective optimization problems;Ant colony optimization;Artificial intelligence;Constraint optimization;Cost function;Evolutionary computation}, 
	doi={10.1109/ICTAI.2007.108},
	url={https://doi.org/10.1109/ICTAI.2007.108},
	ISSN={1082-3409}, 
	month={Oct},
}

@article{Bader2011,
  title={HypE: An algorithm for fast hypervolume-based many-objective optimization},
  author={Bader, Johannes and Zitzler, Eckart},
  journal={Trans. Evol. Comput.},
  volume={19(1)},
  pages={45--76},
  year={2011},
  url={https://doi.org/10.1162/EVCO_a_00009},
}

@article{Brasil2013,
  author={Brasil, Christiane Regina Soares and Delbem, Alexandre Claudio Botazzo and da Silva, Fernando Lu{\'\i}s Barroso},
  title={Multiobjective evolutionary algorithm with many tables for purely ab initio protein structure prediction},
  journal={Comput. Chem.},
  volume={34(20)},
  pages={1719--1734},
  year={2013},
  url={https://doi.org/10.1002/jcc.23315},
}

@inproceedings{Bueno2010,
  author={Bueno, Marcos L. P. and Oliveira, Gina M. B.},
  title={Multicast flow routing: Evaluation of heuristics and multiobjective evolutionary algorithms},
  booktitle={Congress Evol. Comput.},
  pages={1--8},
  year={2010},
  url={https://doi.org/10.1109/CEC.2010.5585942}
}

@article{Bueno2014,
 author = {Bueno, Marcos L. and Oliveira, Gina M.},
 title = {Four-objective Formulations of Multicast Flows via Evolutionary Algorithms with Quality Demands},
 journal = {J. Telecommun. Syst.},
 volume = {55(3)},
 pages = {435--448},
 year = {2014},
 url={https://doi.org/10.1007/s11235-013-9797-8},
}

@article{Bullnheimer1999, 
author = {Bullnheimer, Bernd and Hartl, Richard and Strauss, Christine},
title = {A New Rank Based Version of the Ant System - A Computational Study},
journal = {Central European Journal of Operations Research},
volume = {7},
pages = {25--38},
year = {1999},
url={http://epub.wu.ac.at/616/},
}

@article{Chu1998,
  author={Chu, Paul C and Beasley, John E},
  title={A genetic algorithm for the multidimensional knapsack problem},
  journal={J. heuristics},
  volume={4(1)},
  pages={63--86},
  year={1998},
  url={https://doi.org/10.1023/A:1009642405419}
}

@article{Deb2002,
  author = {Deb, K. and Pratap, A. and Agarwal, S. and Meyarivan, T.},
  title = {A Fast and Elitist Multiobjective Genetic Algorithm: NSGA-II},
  journal = {Trans. Evol. Comput.},
  volume = {6(2)},
  pages = {182--197},
  year = {2002},
  url={https://doi.org/10.1109/4235.996017}
} 

@article{Deb2014,
  author={Deb, Kalyanmoy and Jain, Himanshu},
  title={An evolutionary many-objective optimization algorithm using reference-point-based nondominated sorting approach, part I: Solving problems with box constraints},
  journal={Trans. Evol. Comput.},
  volume={18(4)},
  pages={577--601},
  year={2014},
  url={https://doi.org/10.1109/TEVC.2013.2281535}
}

@article{Delbem2005,
  author={Delbem, A.C.B. and de Carvalho, A.C.P.L.F. and Bretas, N.G.},
  title={Main chain representation for evolutionary algorithms applied to distribution system reconfiguration},
  journal={Trans. Power System},
  volume={20(1)},
  pages={425--436},
  year={2005},
  url={https://doi.org/10.1109/TPWRS.2004.840442}
}

@article{Dorigo1996, 
author={M. Dorigo and V. Maniezzo and A. Colorni}, 
title={Ant system: optimization by a colony of cooperating agents}, 
journal={IEEE Trans. on Systems, Man, and Cybernetics, Part B}, 
volume={26}, 
number={1}, 
pages={29-41}, 
year={1996},
url={https://doi.org/10.1109/3477.484436},
}

@book{Dorigo2004,
 author = {Dorigo, Marco and St\"{u}tzle, Thomas},
 title = {Ant Colony Optimization},
 year = {2004},
 publisher = {Bradford co.},
 url={https://mitpress.mit.edu/books/ant-colony-optimization},
} 

@inproceedings{Dorigo2016,
  author={Dorigo, Marco and Gambardella, L. M.},
  title={Ant-Q: A reinforcement learning approach to the traveling salesman problem},
  booktitle={Int. Conf. on Machine Learning},
  pages={252--260},
  year={2016},
  url={https://doi.org/10.1016/B978-1-55860-377-6.50039-6},
}

@inproceedings{Fabregat2005,
	author = {R. Fabregat and Y. Donoso and B. Baram and F. Solano and J. Marzo},
	title = {Multi-objective optimization scheme for multicast flows: a survey, a model and a MOEA solution},
	booktitle = {Int. Latin American Conf. on Networking},
	pages = {73--86},
	year = {2005},
	url={https://doi.org/10.1145/1168117.1168128},
}

@INPROCEEDINGS{Franca2017, 
author={T. P. Fran{\c c}a and T. F. d. Q. Lafet√° and L. G. A. Martins and G. M. B. de Oliveira}, 
booktitle={2017 Brazilian Conference on Intelligent Systems (BRACIS)}, 
title={A Comparative Analysis of MOEAs Considering Two Discrete Optimization Problems}, 
year={2017}, 
volume={}, 
number={}, 
pages={402-407}, 
keywords={Pareto optimisation;genetic algorithms;knapsack problems;MEAMT;MOEA/D;NSGA-II;SPEA2;discrete optimization problems;many-objective approaches;multicast routing problem;multiobjective evolutionary algorithms;multiobjective knapsack problem;multiobjective optimization;toy problems;Delays;Evolutionary computation;Materials requirements planning;Optimization;Routing;Sociology;Statistics;MEAMT;MOEA/D;NSGA-II;NSGA-III;SPEA2;genetic algorithm;manyobjective optimization;multicast routing problem;multidimensional knapsack problem;multiobjective optimization}, 
doi={10.1109/BRACIS.2017.76}, 
ISSN={},
url={https://doi.org/10.1109/BRACIS.2017.76},
month={Oct},}

@article{Goldberg1989,
  author={Goldberg, David E.},
  title={Genetic Algorithms in Search, Optimization and Machine Learning},
  publisher={Addison-Wesley Longman},
  year={1989},
  url={https://dl.acm.org/citation.cfm?id=534133},
}

@inproceedings{Ishibuchi2008,
  author={Ishibuchi, Hisao and Tsukamoto, Noritaka and Nojima, Yusuke},
  title={Evolutionary many-objective optimization: A short review},
  booktitle={Congress Evol. Comput.},
  pages={2419--2426},
  year={2008},
  url={https://doi.org/10.1109/CEC.2008.4631121}
}

@inproceedings{Ishibuchi2011,
  author={Ishibuchi, Hisao and Akedo, Naoya and Ohyanagi, Hiroyuki and Nojima, Yusuke},
  title={Behavior of EMO algorithms on many-objective optimization problems with correlated objectives},
  booktitle={Congress Evol. Comput.},
  pages={1465--1472},
  year={2011},
  url={https://doi.org/10.1109/CEC.2011.5949788},
}

@article{Ishibuchi2015,
  author={Ishibuchi, Hisao and Akedo, Naoya and Nojima, Yusuke},
  title={Behavior of multiobjective evolutionary algorithms on many-objective knapsack problems},
  journal={Trans. Evol. Comput.},
  volume={19(2)},
  pages={264--283},
  year={2015},
  url={https://doi.org/10.1109/TEVC.2014.2315442},
}

@inproceedings{Khare2003,
  author={Khare, Vineet and Yao, Xin and Deb, Kalyanmoy},
  title={Performance scaling of multi-objective evolutionary algorithms},
  booktitle={Conf. on Evolut. Multi-Criterion Optimization},
  pages={376--390},
  year={2003},
  url={https://doi.org/10.1007/3-540-36970-8_27},
}

@article{Ke2010,
  author = {Ke, Liangjun and Feng, Zuren and Ren, Zhigang and Wei, Xiaoliang},
  title = {An ant colony optimization approach for the multidimensional knapsack problem},
  booktitle = {J. Heuristics},
  volume = {16},
  pages = {65--83},
  year = {2010},
  url={https://doi.org/10.1007/s10732-008-9087-x},
}

@book{Kellerer2004,
  author={Kellerer, Hans and Pferschy, Ulrich and Pisinger, David},
  title={Introduction to NP-Completeness of knapsack problems},
  year={2004},
  url={https://doi.org/10.1007/978-3-540-24777-7_16},
}

@inproceedings{Lafeta2016,
  author={Lafet{\'a}, Thiago Fialho de Queiroz and Bueno, Marcos Luiz de Paula and Brasil, Christiane Regina Soares and Oliveira, Gina Maira Barbosa},
  title={Many-Objective Evolutionary Algorithms for Multicast Routing with Quality of Service Problem},
  booktitle={Braz. Conf. on Intelligent Systems},
  pages={187--192},
  year={2016},
  url={https://doi.org/10.1109/BRACIS.2016.043}
}

@article{Lafeta2017,
  author    = {Thiago F. de Q. Lafet{\'{a}} and Marcos L. P. Bueno and Christiane R. S. Brasil and Gina M. B. Oliveira},
  title     = {MEANDS: A Many-objective Evolutionary Algorithm based on Non-dominated Decomposed Sets Applied to Multicast Routing},
  journal   = {Appl. Soft Comput.},
  volume    = {62},
  pages     = {851--866},
  year      = {2018},
  url       = {https://doi.org/10.1016/j.asoc.2017.09.017}
} 

@article{Li2015,
  author={Li, Ke and Deb, Kalyanmoy and Zhang, Qingfu and Kwong, Sam},
  title={An evolutionary many-objective optimization algorithm based on dominance and decomposition},
  journal={Trans. Evol. Comput.},
  volume={19(5)},
  pages={694--716},
  year={2015},
  url={https://doi.org/10.1109/TEVC.2014.2373386},
}

@inproceedings{Lokuciejewski2010,
  author={Lokuciejewski, Paul and Plazar, Sascha and Falk, Heiko and Marwedel, Peter and Thiele, Lothar},
  title={Multi-objective exploration of compiler optimizations for real-time systems},
  booktitle={Symp. on Object, Component and Service-Oriented Real-Time Distributed Computing},
  pages={115--122},
  year={2010},
  url={http://doi.org/10.1109/ISORC.2010.15},
}

@inproceedings{Oliveira2004,
  author={Oliveira, Gina MB and Ara{\'u}jo, Paulo T},
  title={Determining multicast routes with qos and traffic engineering requirements based on genetic algorithm},
  booktitle={Conf. on Cybernetics and Intelligent Systems},
  volume={1},
  pages={666--670},
  year={2004},
  url={https://doi.org/10.1109/ICCIS.2004.1460495}
}

@inproceedings{Oliveira2009,
	AUTHOR = {G. M. B. Oliveira and S. S. B. V. Vita},
	TITLE =  {A Multi-Objective Evolutionary Algorithm with $\epsilon$-dominance to Calculate Multicast Routes with {QoS} Requirements},
	booktitle = {Congress Evol. Comput.},
	pages = {182--189},
	year = {2009},
	url={https://doi.org/10.1109/CEC.2009.4982946},
}

@ARTICLE{Parpinelli2002, 
  author={R. S. Parpinelli and H. S. Lopes and A. A. Freitas}, 
  title={Data mining with an ant colony optimization algorithm}, 
  journal={Trans. on Evolutionary Computation}, 
  volume={6}, 
  number={4}, 
  pages={321-332}, 
  year={2002},
  url={https://doi.org/10.1109/TEVC.2002.802452},
}

@inproceedings{Pinto2005,
 author = {Pinto, Diego and Baran, Benjam\'{\i}n},
 title = {Solving Multiobjective Multicast Routing Problem with a New Ant Colony Optimization Approach},
 booktitle = {Int. Latin American Conf. on Networking},
 pages = {11--19},
 year = {2005},
 url = {https://doi.org/10.1145/1168117.1168120},
} 

@inproceedings{Purshouse2003,
  author={Purshouse, Robin C and Fleming, Peter J},
  title={Evolutionary many-objective optimisation: An exploratory analysis},
  booktitle={Congress Evol. Comput.},
  volume={3},
  pages={2066--2073},
  year={2003},
  url={https://doi.org/10.1109/CEC.2003.1299927},
}

@article{Ravikumar1998,
  author={Ravikumar, CP and Bajpai, Rajneesh},
  title={Source-based delay-bounded multicasting in multimedia networks},
  journal={J. Comput. Commun.},
  volume={21(2)},
  pages={126--132},
  year={1998},
  url={https://doi.org/10.1016/S0140-3664(97)00124-2},
}

@article{Sahni1975,
 author = {Sahni, Sartaj},
 title = {Approximate Algorithms for the 0/1 Knapsack Problem},
 journal = {J. of the ACM},
 volume = {22(1)},
 pages = {115--124},
 year = {1975},
 url={https://doi.org/10.1145/321864.321873},
}

@article{Rios2010,
author = {A.C. Rios-Coelho and W.F. Sacco and N. Henderson},
title = {A Metropolis algorithm combined with Hooke‚ÄìJeeves local search method applied to global optimization},
journal = {Applied Mathematics and Computatio},
volume = {217},
number = {2},
pages = {843--853},
year = {2010},
url={https://doi.org/10.1016/j.amc.2010.06.027},
}

@article{Riveros2016,
  author={Francisco Riveros and N\'estor Ben\'itez and Julio Paciello and Benjam√≠n Baran},
  title={A Many-objective Ant Colony Optimization applied to the Traveling Salesman Problem},
  journal={J. of Computer Science \& Technology},
  volume={16(2)},
  pages={89--94},
  year={2016},
  url={http://journal.info.unlp.edu.ar/JCST/article/view/496},
} 

@article{Saxena2013,
  author={Saxena, Dhish Kumar and Duro, Jo{\~a}o A and Tiwari, Ashutosh and Deb, Kalyanmoy and Zhang, Qingfu},
  title={Objective reduction in many-objective optimization: Linear and nonlinear algorithms},
  journal={Trans. Evol. Comput.},
  volume={17(1)},
  pages={77--99},
  year={2013},
  url={https://doi.org/10.1109/TEVC.2012.2185847}
} 

@article{Schaffer1985,
  title={Some experiments in machine learning using vector evaluated genetic algorithms (artificial intelligence, optimization, adaptation, pattern recognition)},
  author={Schaffer, James David},
  year={1984},
  publisher={Vanderbilt University},
  url={https://dl.acm.org/citation.cfm?id=912151},
}

@article{Srinivas1994,
  author={Srinivas, Nidamarthi and Deb, Kalyanmoy},
  title={Multiobjective optimization using nondominated sorting in genetic algorithms},
  journal={Trans. Evol. Comput.},
  volume={2(3)},
  pages={221--248},
  year={1994},
  url={https://doi.org/10.1162/evco.1994.2.3.221},
}

@article{Stutzle2000,
 author = {St\"{u}tzle, Thomas and Hoos, Holger H.},
 title = {MAX-MIN Ant System},
 journal = {Future Gener. Comput. Syst.},
 volume = {16},
 number = {9},
 pages = {889--914},
 year = {2000},
 url={https://doi.org/10.1016/S0167-739X(00)00043-1},
} 

@inproceedings{Yuan2014,
  author = {Yuan, Yuan and Xu, Hua and Wang, Bo},
  title = {An Improved NSGA-III Procedure for Evolutionary Many-objective Optimization},
  booktitle = {Conf. on Genetic and Evol. Comput.},
  pages = {661--668},
  year = {2014},
  url={https://doi.org/10.1145/2576768.2598342},
} 

@article{Zhang2007,
  author={Zhang, Qingfu and Li, Hui},
  title={MOEA/D: A multiobjective evolutionary algorithm based on decomposition},
  journal={Evol. Comput.},
  volume={11(6)},
  pages={712--731},
  year={2007},
  url={https://doi.org/10.1109/TEVC.2007.892759},
}

@article{Zhengying2001,
  author={Zhengying, Wang and Bingxin, Shi and Erdun, Zhao},
  title={Bandwidth-delay-constrained least-cost multicast routing based on heuristic genetic algorithm},
  journal={J. Comput. Commun.},
  volume={24(7)},
  pages={685--692},
  year={2001},
  url={https://doi.org/10.1016/S0140-3664(00)00273-5},
}

@article{Zitzler1999,
  author={Zitzler, Eckart and Thiele, Lothar},
  title={Multiobjective evolutionary algorithms: a comparative case study and the strength Pareto approach},
  journal={Trans. Evol. Comput.},
  volume={3(4)},
  pages={257--271},
  year={1999},
  url={https://doi.org/10.1109/4235.797969},
}

@article{Zitzler2002,
  title={SPEA2: Improving the strength Pareto evolutionary algorithm},
  author={Zitzler, Eckart and Laumanns, Marco and Thiele, Lothar},
  journal={TIK-report},
  volume={103},
  year={2001},
  url={http://citeseerx.ist.psu.edu/viewdoc/summary?doi=10.1.1.22.4617},
  publisher={Eidgen{\"o}ssische Technische Hochschule Z{\"u}rich (ETH), Institut f{\"u}r Technische Informatik und Kommunikationsnetze (TIK)}
}

@inproceedings{Hristakeva2013,
  title={Solving the 0-1 knapsack problem with genetic algorithms},
  author={Hristakeva, Maya and Shrestha, Dipti},
  booktitle={Midwest Instruction and Computing Symposium},
  year={2004},
  url={http://www.sc.ehu.es/ccwbayes/docencia/kzmm/files/AG-knapsack.pdf},
}

@article{Liangjun2010,
  author="Ke, Liangjun and Feng, Zuren and Ren, Zhigang and Wei, Xiaoliang",
  title="An ant colony optimization approach for the multidimensional knapsack problem",
  journal="Journal of Heuristics",
  year="2010",
  month="Feb",
  day="01",
  volume="16",
  number="1",
  pages="65--83",
  abstract="Ant colony optimization is a metaheuristic that has been applied to a variety of combinatorial optimization problems. In this paper, an ant colony optimization approach is proposed to deal with the multidimensional knapsack problem. It is an extension of Max Min Ant System which imposes lower and upper trail limits on pheromone values to avoid stagnation. In order to choose the lower trail limit, we provide a new method which takes into account the influence of heuristic information. Furthermore, a local search procedure is proposed to improve the solutions constructed by ants. Computational experiments on benchmark problems are carried out. The results show that the proposed algorithm can compete efficiently with other promising approaches to the problem.",
  issn="1572-9397",
  doi="10.1007/s10732-008-9087-x",
  url="https://doi.org/10.1007/s10732-008-9087-x"
}

@article{Darwin1859,
  title={On the origin of species by means of natural selection},
  author={Darwin, Charles},
  journal={Murray, London},
  year={1859},
}

@inproceedings{Baran2003,
  title={A Multiobjective Ant Colony System for Vehicle Routing Problem with Time Windows.},
  author={Bar{\'a}n, Benjam{\'\i}n and Schaerer, Matilde},
  booktitle={Applied informatics},
  pages={97--102},
  year={2003},
  url={https://www.researchgate.net/publication/221277596_A_Multiobjective_Ant_Colony_System_for_Vehicle_Routing_Problem_with_Time_Windows},
}

@article{kong2008,
  title={A new ant colony optimization algorithm for the multidimensional knapsack problem},
  author={Kong, Min and Tian, Peng and Kao, Yucheng},
  journal={Computers \& Operations Research},
  volume={35},
  number={8},
  pages={2672--2683},
  year={2008},
  publisher={Elsevier},
  url={https://doi.org/10.1016/j.cor.2006.12.029}
}

@article{changdar2013,
  title={An ant colony optimization approach for binary knapsack problem under fuzziness},
  author={Changdar, Chiranjit and Mahapatra, GS and Pal, Rajat Kumar},
  journal={Applied Mathematics and Computation},
  volume={223},
  pages={243--253},
  year={2013},
  publisher={Elsevier},
  url={https://doi.org/10.1016/j.amc.2013.07.077},
}

@INPROCEEDINGS{Leguizamon1999, 
author={G. Leguizamon and Z. Michalewicz}, 
booktitle={Proceedings of the 1999 Congress on Evolutionary Computation-CEC99 (Cat. No. 99TH8406)}, 
title={A new version of ant system for subset problems}, 
year={1999}, 
volume={2}, 
number={}, 
pages={1464 Vol. 2}, 
keywords={artificial life;knapsack problems;optimisation;set theory;ACO algorithm;Ant Colony Optimization;MKP;Multiple Knapsack Problem;ant system;computational study;ordering problems;subset problems;traveling salesman problem;Ant colony optimization;Application software;Cities and towns;Computer science;Evolutionary computation;Multiagent systems;Neural networks;Problem-solving;Simulated annealing;Traveling salesman problems}, 
doi={10.1109/CEC.1999.782655},
url={{https://doi.org/10.1109/CEC.1999.782655},
ISSN={}, 
month={},}

@InProceedings{Fidanova2003,
author="Fidanova, Stefka",
editor="Dimov, Ivan
and Lirkov, Ivan
and Margenov, Svetozar
and Zlatev, Zahari",
title="ACO Algorithm for MKP Using Various Heuristic Information",
booktitle="Numerical Methods and Applications",
year="2003",
publisher="Springer Berlin Heidelberg",
address="Berlin, Heidelberg",
pages="438--444",
abstract="The ant colony optimization (ACO) algorithms are being applied successfully to diverse heavily constrained problems: traveling salesman problem, quadratic assignment problem. Early applications of ACO algorithms have been mainly concerned with solving ordering problems. In this paper, the principles of the ACO algorithm are applied to the multiple knapsack problem (MKP). In the first part of the paper we explain the basic principles of ACO algorithm. In the second part of the paper we propose different types of heuristic information and we compare the obtained results.",
isbn="978-3-540-36487-0",
url="https://doi.org/10.1007/3-540-36487-0_49"
}

@ARTICLE{Bradstreet2012, 
author={L. While and L. Bradstreet and L. Barone}, 
journal={IEEE Transactions on Evolutionary Computation}, 
title={A Fast Way of Calculating Exact Hypervolumes}, 
year={2012}, 
volume={16}, 
number={1}, 
pages={86-95}, 
keywords={evolutionary computation;optimisation;WFG algorithm;hypervolume;multiobjective optimization;Algorithm design and analysis;Approximation algorithms;Complexity theory;Evolutionary computation;Measurement;Optimization;Sorting;Diversity;evolutionary computation;hypervolume;multiobjective optimization;performance metrics}, 
doi={10.1109/TEVC.2010.2077298}, 
ISSN={1089-778X}, 
url={https://doi.org/10.1109/TEVC.2010.2077298},
month={Feb},}

@ARTICLE{Prim1957, 
author={R. C. Prim}, 
journal={The Bell System Technical Journal}, 
title={Shortest connection networks and some generalizations}, 
year={1957}, 
volume={36}, 
number={6}, 
pages={1389-1401}, 
keywords={}, 
doi={10.1002/j.1538-7305.1957.tb01515.x}, 
ISSN={0005-8580}, 
url={https://doi.org/10.1002/j.1538-7305.1957.tb01515.x},
month={Nov},}

@article{Beume2007,
title = "SMS-EMOA: Multiobjective selection based on dominated hypervolume",
journal = "European Journal of Operational Research",
volume = "181",
number = "3",
pages = "1653 - 1669",
year = "2007",
issn = "0377-2217",
doi = "https://doi.org/10.1016/j.ejor.2006.08.008",
url={https://doi.org/10.1016/j.ejor.2006.08.008},
author = "Nicola Beume and Boris Naujoks and Michael Emmerich",
keywords = "Evolutionary computations, Evolutionary multiple objective optimisation, Performance assessment, Hypervolume measure, OR in aerodynamic industries"
}

@article{Fingler2014,
title = "A CUDA based Solution to the Multidimensional Knapsack Problem Using the Ant Colony Optimization",
journal = "Procedia Computer Science",
volume = "29",
pages = "84 - 94",
year = "2014",
note = "2014 International Conference on Computational Science",
issn = "1877-0509",
doi = "https://doi.org/10.1016/j.procs.2014.05.008",
url = "https://doi.org/10.1016/j.procs.2014.05.008",
author = "Henrique Fingler and Edson N. C√°ceres and Henrique Mongelli and Siang W. Song",
keywords = "parallel programing, gpgpu, ant colony optimization, multidimensional knapsack problem"
}

@INPROCEEDINGS{SouzaPozo2015, 
author={M. Z. d. Souza and A. T. R. Pozo}, 
booktitle={2015 Brazilian Conference on Intelligent Systems (BRACIS)}, 
title={Multiobjective Binary ACO for Unconstrained Binary Quadratic Programming}, 
year={2015}, 
volume={}, 
number={}, 
pages={86-91}, 
keywords={Pareto optimisation;ant colony optimisation;combinatorial mathematics;genetic algorithms;quadratic programming;ACO variation;MOEA/D-BACO;NP-hard problem;NSGAII;Pareto front;ant colony optimization algorithm;binary ant colony optimization;combinatorial optimization problem;combinatorial single problem;computational challenge;decomposition algorithm;mUBQP;multiobjective binary ACO;multiobjective case;multiobjective evolutionary algorithm based on decomposition;multiobjective problem;scalar optimization subproblem;unconstrained binary quadratic programming;Ant colony optimization;Approximation algorithms;Evolutionary computation;Linear programming;Pareto optimization;Quadratic programming;Binary Ant Colony Optimization (BACO);Multiobjective Optimization Problems (MOPs);Multiobjective Unconstrained Binary Quadratic Programming (mUBQP)}, 
doi={10.1109/BRACIS.2015.15},
ISSN={},
url={https://doi.org/10.1109/BRACIS.2015.15},
month={Nov},}

@ARTICLE{Spea2SDE, 
author={M. Li and S. Yang and X. Liu}, 
journal={IEEE Transactions on Evolutionary Computation}, 
title={Shift-Based Density Estimation for Pareto-Based Algorithms in Many-Objective Optimization}, 
year={2014}, 
volume={18}, 
number={3}, 
pages={348-365}, 
keywords={Pareto optimisation;evolutionary computation;EMO algorithms;Pareto dominance relation;Pareto front;Pareto-based evolutionary multiobjective optimization algorithm;SDE strategy;diversity maintenance mechanisms;high-dimensional space;many-objective optimization;shift-based density estimation;sparse regions;Convergence;Evolutionary multiobjective optimization;convergence;diversity;evolutionary multiobjective optimization;many-objective optimization;manyobjective optimization;shift-based density estimation}, 
doi={10.1109/TEVC.2013.2262178}, 
ISSN={1089-778X}, 
url={https://doi.org/10.1109/TEVC.2013.2262178},
month={June},}

@ARTICLE{Ke2013, 
author={L. Ke and Q. Zhang and R. Battiti}, 
journal={IEEE Transactions on Cybernetics}, 
title={MOEA/D-ACO: A Multiobjective Evolutionary Algorithm Using Decomposition and AntColony}, 
year={2013}, 
volume={43}, 
number={6}, 
pages={1845-1859}, 
keywords={ant colony optimisation;evolutionary computation;knapsack problems;matrix algebra;search problems;travelling salesman problems;BicriterionAnt;MOEA-D-ACO;biobjective traveling salesman problem;genetic operators;group pheromone matrix;heuristic information matrix;learning while optimizing principle;local search;multiobjective 0-1 knapsack problem;multiobjective EA;multiobjective evolutionary algorithm using decomposition and ant colony optimization;multiobjective optimization problem;reactive search optimization scheme;single-objective optimization problems;Cities and towns;Educational institutions;Evolutionary computation;Indexes;Optimization;Search problems;Vectors;Ant colony optimization (ACO);decomposition;multiobjective 0‚Äì1 knapsack problem (MOKP);multiobjective optimization;multiobjective traveling salesman problem (MTSP);reactive search optimization (RSO);0}, 
doi={10.1109/TSMCB.2012.2231860}, 
ISSN={2168-2267}, 
url={https://doi.org/10.1109/TSMCB.2012.2231860},
month={Dec},}

@InProceedings{baco2006,
author="Kong, Min
and Tian, Peng",
editor="Dorigo, Marco
and Gambardella, Luca Maria
and Birattari, Mauro
and Martinoli, Alcherio
and Poli, Riccardo
and St{\"u}tzle, Thomas",
title="Introducing a Binary Ant Colony Optimization",
booktitle="Ant Colony Optimization and Swarm Intelligence",
year="2006",
publisher="Springer Berlin Heidelberg",
address="Berlin, Heidelberg",
pages="444--451",
abstract="This paper proposes a Binary Ant Colony Optimization applied to constrained optimization problems with binary solution structure. Due to its simple structure, the convergence status of the proposed algorithm can be monitored through the distribution of pheromone in the solution space, and the probability of solution improvement can be in some way controlled by the maintenance of pheromone. The successful implementations to the binary function optimization problem and the multidimensional knapsack problem indicate the robustness and practicability of the proposed algorithm.",
isbn="978-3-540-38483-0",
url="https://doi.org/10.1007/11839088_44"
}

@article{Dijkstra1959,
   author = "Edsger. W. Dijkstra",
   title = "A note on two problems in connexion with graphs.",
   year = "1959",
   journal = "Numerische Mathematik",
   volume = 1,
   url={https://doi.org/10.1007/BF01386390},
   pages = {269--271}
   }
   
@INPROCEEDINGS{Franca2018, 
	author={T. P. Fran√ßa and L. G. A. Martins and G. M. B. Oliveira}, 
	booktitle={2018 IEEE Congress on Evolutionary Computation (CEC)}, 
	title={MACO/NDS: Many-objective Ant Colony Optimization based on Non-Dominated Sets}, 
	year={2018}, 
	volume={}, 
	number={}, 
	pages={1-8}, 
	keywords={evolutionary computation;genetic algorithms;knapsack problems;optimisation;Pareto optimisation;many-objective ant colony optimization;nondominated sets;many-objective optimization;ant population;nondominated solutions;multiobjective knapsack problem;discrete optimization problems;Pareto optimal;MACO-NDS;many-objective algorithms MOEA-D;NSGA-III;MEANDS;MEAMT;Materials requirements planning;Optimization;Evolutionary computation;Search problems;Ant colony optimization;Space exploration;Routing}, 
	doi={10.1109/CEC.2018.8477958}, 
	ISSN={},
	url={https://doi.org/10.1109/CEC.2018.8477958},
	month={July},}

@phdthesis{Viggo1992,
  title={On the approximability of NP-complete optimization problems},
  author={Kann, Viggo},
  year={1992},
  school={Royal Institute of Technology Stockholm},
  url={https://www.researchgate.net/publication/267553084_On_the_Approximability_of_NP-complete_Optimization_Problems},
}

@incollection{GreedyAlgorithms,
  author      = {Cormen, Thomas H and Leiserson, Charles E and Rivest, Ronald L and Stein, Clifford},
  title       = "Greedy Algorithms",
  editor      = "Jan Fagerberg and David C. Mowery and Richard R. Nelson",
  booktitle   = "Introduction to Algorithms, Third Edition",
  publisher   = "MIT Press",
  address     = "MIT",
  year        = 2009,
  chapter     = 16
}

@article{BioInspiredOptimization,
 author = {Rai, Deepak and Tyagi, Kirti},
 title = {Bio-inspired Optimization Techniques: A Critical Comparative Study},
 journal = {SIGSOFT Softw. Eng. Notes},
 issue_date = {July 2013},
 volume = {38},
 number = {4},
 month = jul,
 year = {2013},
 issn = {0163-5948},
 pages = {1--7},
 numpages = {7},
 doi = {10.1145/2492248.2492271},
 acmid = {2492271},
 publisher = {ACM},
 address = {New York, NY, USA},
 url={https://doi.org/10.1145/2492248.2492271},
 keywords = {application, bio-inspired optimization, development, intent, optimization, performance},
}

@article{FiguraGA,
  title={Roteamento de Ve{\'\i}culos Utilizando Otimiza{\c{c}}{\~a}o por Col{\^o}nia de Formigas e Algoritmo Gen{\'e}tico},
  author={N{\'e}ia, Silvely Salom{\~a}o and Artero, Almir Olivette and Cant{\~a}o, Luiza Amalia Pinto and da Cunha, Cl{\'a}udio Barbieri},
  journal={Meta-heur{\'\i}sticas em pesquisa operacional. cap},
  volume={14},
  pages={219--236},
  year={2013},
  url={https://doi.org/10.7436/2013.mhpo.14}
}


@InProceedings{BiCriterionAnt,
author="Iredi, Steffen
and Merkle, Daniel
and Middendorf, Martin",
editor="Zitzler, Eckart
and Thiele, Lothar
and Deb, Kalyanmoy
and Coello Coello, Carlos Artemio
and Corne, David",
title="Bi-Criterion Optimization with Multi Colony Ant Algorithms",
booktitle="Evolutionary Multi-Criterion Optimization",
year="2001",
publisher="Springer Berlin Heidelberg",
address="Berlin, Heidelberg",
pages="359--372",
url={https://doi.org/10.1007/3-540-44719-9_25}
}

@Inbook{MTSP,
author="Lust, Thibaut
and Teghem, Jacques",
editor="Coello Coello, Carlos A.
and Dhaenens, Clarisse
and Jourdan, Laetitia",
title="The Multiobjective Traveling Salesman Problem: A Survey and a New Approach",
bookTitle="Advances in Multi-Objective Nature Inspired Computing",
year="2010",
publisher="Springer Berlin Heidelberg",
address="Berlin, Heidelberg",
pages="119--141",
isbn="978-3-642-11218-8",
doi="10.1007/978-3-642-11218-8_6",
url="https://doi.org/10.1007/978-3-642-11218-8_6"
}

@Article{VehicleRouting,
author="Ombuki, Beatrice
and Ross, Brian J.
and Hanshar, Franklin",
title="Multi-Objective Genetic Algorithms for Vehicle Routing Problem with Time Windows",
journal="Applied Intelligence",
year="2006",
month="Feb",
day="01",
volume="24",
number="1",
pages="17--30",
issn="1573-7497",
doi="10.1007/s10489-006-6926-z",
url="https://doi.org/10.1007/s10489-006-6926-z"
}

@article{MKP,
 author = {Bazgan, Cristina and Hugot, Hadrien and Vanderpooten, Daniel},
 title = {Solving Efficiently the 0-1 Multi-objective Knapsack Problem},
 journal = {Comput. Oper. Res.},
 issue_date = {January, 2009},
 volume = {36},
 number = {1},
 month = jan,
 year = {2009},
 issn = {0305-0548},
 pages = {260--279},
 numpages = {20},
 doi = {10.1016/j.cor.2007.09.009},
 acmid = {1379512},
 publisher = {Elsevier Science Ltd.},
 address = {Oxford, UK, UK},
 url={https://doi.org/10.1016/j.cor.2007.09.009},
 keywords = {Combinatorial optimization, Dominance relations, Dynamic programming, Efficient solutions, Multi-objective knapsack problem, Non-dominated criterion vectors},
} 

@INPROCEEDINGS{KnapsackGA, 
author={F. S. Uslu}, 
booktitle={2015 23nd Signal Processing and Communications Applications Conference (SIU)}, 
title={Solving Knapsack Problem with Genetic Algorithm}, 
year={2015}, 
volume={}, 
number={}, 
pages={1062-1065}, 
keywords={genetic algorithms;knapsack problems;combinatorial optimization problem;evolutionary algorithms;genetic algorithm;knapsack problem;Complexity theory;Evolutionary computation;Genetic algorithms;MATLAB;Optimization;Payloads;Robots;Genetic Algorithms;Knapsack Problem}, 
doi={10.1109/SIU.2015.7130016},
url={https://doi.org/10.1109/SIU.2015.7130016},
ISSN={2165-0608}, 
month={May},}

@inproceedings{KnapsackGreedy,
  title={Different approaches to solve the 0/1 knapsack problem},
  author={Hristakeva, Maya and Shrestha, Dipti},
  booktitle={The Midwest Instruction and Computing Symposium},
  year={2005},
  url={https://www.researchgate.net/publication/228894571_Different_Approaches_to_Solve_the_01_Knapsack_Problem},
}

@Article{KnapsackDynamic,
author="Toth, P.",
title="Dynamic programming algorithms for the Zero-One Knapsack Problem",
journal="Computing",
year="1980",
month="Mar",
day="01",
volume="25",
number="1",
pages="29--45",
abstract="New dynamic programming algorithms for the solution of the Zero-One Knapsack Problem are developed. Original recursive procedures for the computation of the Knapsack Function are presented and the utilization of bounds to eliminate states not leading to optimal solutions is analyzed. The proposed algorithms, according to the nature of the problem to be solved, automatically determine the most suitable procedure to be employed. Extensive computational results showing the efficiency of the new and the most commonly utilized algorithms are given. The results indicate that, for difficult problems, the algorithms proposed are superior to the best branch and bound and dynamic programming methods.",
issn="1436-5057",
url="https://doi.org/10.1007/BF02243880",
doi="10.1007/BF02243880"
}

@mastersthesis{LafetaThesis,
author="Lafet{\'a}, Thiago Fialho de Queiroz",
title="Algoritmos evolutivos many objectives aplicados ao problema de roteamento Multicast com qualidade de servi√ßo",
school="Programa de P√≥s-gradua√ß√£o em Ci√™ncia da Computa√ß√£o, Universidade Federal de Uberl√¢ndia",
year="2016",
url="https://repositorio.ufu.br/bitstream/123456789/18093/1/AlgoritmosEvolutivosMany.pdf"
}

@mastersthesis{BuenoThesis,
author="Bueno, Marcos Luiz de Paula",
title="Heur√≠sticas e algoritmos evolutivos para formula√ß√µes mono e multiobjetivo do problema do roteamento multicast",
school="Programa de P√≥s-gradua√ß√£o em Ci√™ncia da Computa√ß√£o, Universidade Federal de Uberl√¢ndia",
year="2010",
url="https://repositorio.ufu.br/bitstream/123456789/12501/1/Diss%20Marcos.pdf"
}

@inproceedings{Baran2004,
  title={Multiobjective multicast routing algorithm},
  author={Crichigno, Jorge and Bar{\'a}n, Benjam{\'\i}n},
  booktitle={International Conference on Telecommunications},
  pages={1029--1034},
  year={2004},
  organization={Springer},
  url={https://doi.org/10.1007/978-3-540-27824-5_134}
}

@inproceedings{MOGA,
  title={MOGA: Multi-objective genetic algorithms},
  author={Murata, Tadahiko and Ishibuchi, Hisao},
  booktitle={Evolutionary Computation, 1995., IEEE International Conference on},
  volume={1},
  pages={289},
  year={1995},
  organization={IEEE},
  url={https://doi.org/10.1109/ICEC.1995.489161}
}

@INPROCEEDINGS{IGD, 
author={H. Ishibuchi and H. Masuda and Y. Tanigaki and Y. Nojima}, 
booktitle={2014 IEEE Symposium on Computational Intelligence in Multi-Criteria Decision-Making (MCDM)}, 
title={Difficulties in specifying reference points to calculate the inverted generational distance for many-objective optimization problems}, 
year={2014}, 
volume={}, 
number={}, 
pages={170-177}, 
url={https://doi.org/10.1109/MCDM.2014.7007204},
keywords={Pareto optimisation;approximation theory;sampling methods;EMO algorithms;IGD measure;IGD-based performance evaluation;Pareto front approximation;approximate distance;evolutionary multiobjective optimization algorithms;inverted generational distance measure;many-objective optimization problems;reference points;uniform sampling;Approximation algorithms;Approximation methods;Optimization;Performance evaluation;Standards;Vectors;Visualization;Evolutionary multi-objective optimization (EMO);inverted generational distance (IGD);many-objective optimization;performance measures}, 
doi={10.1109/MCDM.2014.7007204}, 
ISSN={}, 
month={Dec},}

@ARTICLE{Ibanez2012, 
author={M. Lopez-Ibanez and T. Stutzle}, 
journal={IEEE Transactions on Evolutionary Computation}, 
title={The Automatic Design of Multiobjective Ant Colony Optimization Algorithms}, 
year={2012}, 
volume={16}, 
number={6}, 
pages={861-875}, 
keywords={ant colony optimisation;travelling salesman problems;MOACO algorithm;Pareto optimality principle;automatic algorithm configuration techniques;automatic design;flexible algorithmic framework;multiobjective ant colony optimization algorithms;traveling salesman problem;Algorithm design and analysis;Ant colony optimization;Context;Optimization;Software algorithms;Traveling salesman problems;Vectors;Ant colony optimization (ACO);automatic algorithm configuration;multiobjective optimization;traveling salesman problem}, 
doi={10.1109/TEVC.2011.2182651}, 
ISSN={1089-778X}, 
url={https://doi.org/10.1109/TEVC.2011.2182651},
month={Dec},}

@INPROCEEDINGS{DiscreteFunctions1, 
author={K. Deb and L. Thiele and M. Laumanns and E. Zitzler}, 
booktitle={Evolutionary Computation, 2002. CEC '02. Proceedings of the 2002 Congress on}, 
title={Scalable multi-objective optimization test problems}, 
year={2002}, 
volume={1}, 
number={}, 
pages={825-830}, 
keywords={evolutionary computation;optimisation;Pareto-optimal front;decision variables;multi-objective evolutionary algorithms;scalable multi-objective optimization test problems;Computer networks;Design optimization;Evolutionary computation;Laboratories;Mechanical engineering;Optimal control;Scalability;Shape control;System testing;Visualization}, 
doi={10.1109/CEC.2002.1007032},
url={https://doi.org/10.1109/CEC.2002.1007032},
ISSN={}, 
month={May},}

@ARTICLE{DiscreteFunctions2, 
author={S. Huband and P. Hingston and L. Barone and L. While}, 
journal={IEEE Transactions on Evolutionary Computation}, 
title={A review of multiobjective test problems and a scalable test problem toolkit}, 
year={2006}, 
volume={10}, 
number={5}, 
pages={477-506}, 
keywords={evolutionary computation;multiobjective evolutionary algorithm;multiobjective test problems;scalable test problem toolkit;test problem criteria;Algorithm design and analysis;Australia;Combustion;Design optimization;Evolutionary computation;Petroleum;Pipelines;Product design;System testing;Turbines;Evolutionary algorithms (EAs);multiobjective evolutionary algorithms;multiobjective optimization;multiobjective test problems}, 
doi={10.1109/TEVC.2005.861417}, 
ISSN={1089-778X}, 
url={https://doi.org/10.1109/TEVC.2005.861417},
month={Oct},}

@INPROCEEDINGS{JobShop, 
author={A. Masood and Y. Mei and G. Chen and M. Zhang}, 
booktitle={2016 IEEE Congress on Evolutionary Computation (CEC)}, 
title={Many-objective genetic programming for job-shop scheduling}, 
year={2016}, 
volume={}, 
number={}, 
pages={209-216}, 
keywords={genetic algorithms;job shop scheduling;NSGA-III;dispatching rules;dynamic environment;fitness function;genetic programming;job-shop benchmark;job-shop scheduling;many-objective JSS;many-objective genetic programming;multiobjective JSS;nondominated schedules;single-objective optimization;Delays;Dispatching;Evolutionary computation;Genetic programming;Job shop scheduling;Optimization;Schedules}, 
doi={10.1109/CEC.2016.7743797}, 
ISSN={},
url={https://doi.org/10.1109/CEC.2016.7743797}, 
month={July},}

@Article{Freire2017,
author="Freire, H{\'e}lio
and Moura Oliveira, P. B.
and Solteiro Pires, E. J.",
title="From single to many-objective PID controller design using particle swarm optimization",
journal="International Journal of Control, Automation and Systems",
year="2017",
month="Apr",
day="01",
volume="15",
number="2",
pages="918--932",
issn="2005-4092",
doi="10.1007/s12555-015-0271-0",
url="https://doi.org/10.1007/s12555-015-0271-0"
}

@InProceedings{ScalarizationFunctionsIshibuchi,
	author="Ishibuchi, Hisao
	and Akedo, Naoya
	and Nojima, Yusuke",
	editor="Nicosia, Giuseppe
	and Pardalos, Panos",
	title="A Study on the Specification of a Scalarizing Function in MOEA/D for Many-Objective Knapsack Problems",
	booktitle="Learning and Intelligent Optimization",
	year="2013",
	publisher="Springer Berlin Heidelberg",
	address="Berlin, Heidelberg",
	pages="231--246",
	url={https://doi.org/10.1109/TEVC.2014.2315442},
	abstract="In recent studies on evolutionary multiobjective optimization, MOEA/D has been frequently used due to its simplicity, high computational efficiency, and high search ability. A multiobjective problem in MOEA/D is decomposed into a number of single-objective problems, which are defined by a single scalarizing function with evenly specified weight vectors. The number of the single-objective problems is the same as the number of weight vectors. The population size is also the same as the number of weight vectors. Multiobjective search for a variety of Pareto optimal solutions is realized by single-objective optimization of a scalarizing function in various directions. In this paper, we examine the dependency of the performance of MOEA/D on the specification of a scalarizing function. MOEA/D is applied to knapsack problems with 2-10 objectives. As a scalarizing function, we examine the weighted sum, the weighted Tchebycheff, and the PBI (penalty-based boundary intersection) function with a wide range of penalty parameter values. Experimental results show that the weighted Tchebycheff and the PBI function with an appropriate penalty parameter value outperformed the weighted sum and the PBI function with no penalty parameter in computational experiments on two-objective problems. However, better results were obtained from the weighted sum and the PBI function with no penalty parameter for many-objective problems with 6-10 objectives. We discuss the reason for these observations using the contour line of each scalarizing function. We also suggest potential usefulness of the PBI function with a negative penalty parameter value for many-objective problems.",
	isbn="978-3-642-44973-4"
}


Those fields that are not to be changed can be left out.
@IEEEtranBSTCTL{IEEEexample:BSTcontrol,
  CTLuse_article_number     = "yes",
  CTLuse_paper              = "yes",
  CTLuse_forced_etal        = "no",
  CTLmax_names_forced_etal  = "10",
  CTLnames_show_etal        = "1",
  CTLuse_alt_spacing        = "yes",
  CTLalt_stretch_factor     = "4",
  CTLdash_repeated_names    = "yes",
  CTLname_format_string     = "{f.~}{vv~}{ll}{, jj}",
  CTLname_latex_cmd         = "",
  CTLname_url_prefix        = "[Online]. Dispon√≠vel em:"
}


